<?xml version="1.0" encoding="UTF-8"?><collection xmlns="http://www.loc.gov/MARC21/slim"><record><leader>00676nam--2200193-i-4500</leader><controlfield tag="001">000012099</controlfield><controlfield tag="002">20161230</controlfield><controlfield tag="005">20161230201029</controlfield><controlfield tag="008">060222s1000------------r-----000-0-fre-d</controlfield><datafield ind1=" " ind2=" " tag="040"><subfield code="a">IFIN-HH</subfield></datafield><datafield ind1=" " ind2=" " tag="041"><subfield code="a">fre</subfield></datafield><datafield ind1=" " ind2=" " tag="080"><subfield code="a">532.19</subfield></datafield><datafield ind1="1" ind2=" " tag="100"><subfield code="a">Brillouin, L</subfield></datafield><datafield ind1="1" ind2="0" tag="245"><subfield code="a">Les statistiques quantiques et leur application aux electrons libres dans les metaux. conferencefaite au conservatoire naturel des arts et metiers le 12 et 13 mai 1930</subfield><subfield code="c">L. brillouin</subfield></datafield><datafield ind1=" " ind2=" " tag="260"><subfield code="a">Paris</subfield><subfield code="b">Libraire Scientifique Hermann Et C-e</subfield><subfield code="c">1930</subfield></datafield><datafield ind1=" " ind2=" " tag="300"><subfield code="a">44 P</subfield></datafield><datafield ind1=" " ind2=" " tag="490"><subfield code="a">Conferences D'Actualites Scientifiques Et Industrielles</subfield><subfield code="v">Vol. Xv</subfield></datafield><datafield ind1=" " ind2=" " tag="852"><subfield code="a">44570</subfield><subfield code="c">H.H</subfield></datafield><datafield ind1=" " ind2=" " tag="CAT"><subfield code="a">Sys</subfield><subfield code="c">20130411</subfield><subfield code="h">172943</subfield></datafield></record></collection>